@book{pikovsky2001universal,
  title     = {Synchronization, A Universal Concept in Nonlinear Sciences},
  author    = {Pikovsky, Arkady and Rosenblum, Michael and Kurths, J{\"u}rgen},
  volume    = {2},
  pages     = {3},
  year      = {2001},
  publisher = {Cambridge University Press}
}
@article{acebron2005kuramoto,
  title     = {The Kuramoto model: A simple paradigm for synchronization phenomena},
  author    = {Acebr{\'o}n, Juan A and Bonilla, Luis L and Vicente, Conrad J P{\'e}rez and Ritort, F{\'e}lix and Spigler, Renato},
  journal   = {Reviews of modern physics},
  volume    = {77},
  number    = {1},
  pages     = {137},
  year      = {2005},
  publisher = {APS}
}
@article{rodrigues2016kuramoto,
  title     = {The Kuramoto model in complex networks},
  author    = {Rodrigues, Francisco A and Peron, Thomas K DM and Ji, Peng and Kurths, J{\"u}rgen},
  journal   = {Physics Reports},
  volume    = {610},
  pages     = {1--98},
  year      = {2016},
  publisher = {Elsevier}
}
@book{boccaletti2018synchronization,
  title     = {Synchronization: from coupled systems to complex networks},
  author    = {Boccaletti, Stefano and Pisarchik, Alexander N and Del Genio, Charo I and Amann, Andreas},
  year      = {2018},
  publisher = {Cambridge University Press}
}
@article{zou2021quenching,
  title     = {Quenching, aging, and reviving in coupled dynamical networks},
  author    = {Zou, Wei and Senthilkumar, DV and Zhan, Meng and Kurths, J{\"u}rgen},
  journal   = {Physics Reports},
  volume    = {931},
  pages     = {1--72},
  year      = {2021},
  publisher = {Elsevier}
}
@article{arenas2008synchronization,
  title     = {Synchronization in complex networks},
  author    = {Arenas, Alex and D{\'\i}az-Guilera, Albert and Kurths, Jurgen and Moreno, Yamir and Zhou, Changsong},
  journal   = {Physics reports},
  volume    = {469},
  number    = {3},
  pages     = {93--153},
  year      = {2008},
  publisher = {Elsevier}
}
@article{pecora1998master,
  title     = {Master stability functions for synchronized coupled systems},
  author    = {Pecora, Louis M and Carroll, Thomas L},
  journal   = {Physical review letters},
  volume    = {80},
  number    = {10},
  pages     = {2109},
  year      = {1998},
  publisher = {APS}
}
@book{kuramoto1984chemical,
  title     = {Chemical turbulence},
  author    = {Kuramoto, Yoshiki and Kuramoto, Yoshiki},
  year      = {1984},
  publisher = {Springer}
}
@article{watanabe1994constants,
  title     = {Constants of motion for superconducting Josephson arrays},
  author    = {Watanabe, Shinya and Strogatz, Steven H},
  journal   = {Physica D: Nonlinear Phenomena},
  volume    = {74},
  number    = {3-4},
  pages     = {197--253},
  year      = {1994},
  publisher = {Elsevier}
}
@article{strogatz1988simple,
  title     = {Simple model of collective transport with phase slippage},
  author    = {Strogatz, SH and Marcus, CM and Westervelt, RM and Mirollo, RE},
  journal   = {Physical review letters},
  volume    = {61},
  number    = {20},
  pages     = {2380},
  year      = {1988},
  publisher = {APS}
}
@article{ott2009long,
  title     = {Long time evolution of phase oscillator systems},
  author    = {Ott, Edward and Antonsen, Thomas M},
  journal   = {Chaos: An interdisciplinary journal of nonlinear science},
  volume    = {19},
  number    = {2},
  year      = {2009},
  publisher = {AIP Publishing}
}
@article{buhl2006disorder,
  title     = {From disorder to order in marching locusts},
  author    = {Buhl, Jerome and Sumpter, David JT and Couzin, Iain D and Hale, Joe J and Despland, Emma and Miller, Edgar R and Simpson, Steve J},
  journal   = {Science},
  volume    = {312},
  number    = {5778},
  pages     = {1402--1406},
  year      = {2006},
  publisher = {American Association for the Advancement of Science}
}
@article{niven2012honeybees,
  title     = {How honeybees break a decision-making deadlock},
  author    = {Niven, Jeremy E},
  journal   = {Science},
  volume    = {335},
  number    = {6064},
  pages     = {43--44},
  year      = {2012},
  publisher = {American Association for the Advancement of Science}
}
@article{wioland2016directed,
  title     = {Directed collective motion of bacteria under channel confinement},
  author    = {Wioland, Hugo and Lushi, Enkeleida and Goldstein, Raymond E},
  journal   = {New Journal of Physics},
  volume    = {18},
  number    = {7},
  pages     = {075002},
  year      = {2016},
  publisher = {IOP Publishing}
}
@article{lushi2014fluid,
  title     = {Fluid flows created by swimming bacteria drive self-organization in confined suspensions},
  author    = {Lushi, Enkeleida and Wioland, Hugo and Goldstein, Raymond E},
  journal   = {Proceedings of the National Academy of Sciences},
  volume    = {111},
  number    = {27},
  pages     = {9733--9738},
  year      = {2014},
  publisher = {National Acad Sciences}
}
@article{zhang2010collective,
  title     = {Collective motion and density fluctuations in bacterial colonies},
  author    = {Zhang, He-Peng and Be’er, Avraham and Florin, E-L and Swinney, Harry L},
  journal   = {Proceedings of the National Academy of Sciences},
  volume    = {107},
  number    = {31},
  pages     = {13626--13630},
  year      = {2010},
  publisher = {National Acad Sciences}
}
@article{shi2010understanding,
  title     = {Understanding phase behavior of plant cell cortex microtubule organization},
  author    = {Shi, Xia-qing and Ma, Yu-qiang},
  journal   = {Proceedings of the National Academy of Sciences},
  volume    = {107},
  number    = {26},
  pages     = {11709--11714},
  year      = {2010},
  publisher = {National Acad Sciences}
}
@article{debnath2016communication,
  title     = {Communication: Cargo towing by artificial swimmers},
  author    = {Debnath, Debajyoti and Ghosh, Pulak K and Li, Yunyun and Marchesoni, Fabio and Li, Baowen},
  journal   = {The Journal of Chemical Physics},
  volume    = {145},
  number    = {19},
  year      = {2016},
  publisher = {AIP Publishing}
}
@article{vicsek1995novel,
  title     = {Novel type of phase transition in a system of self-driven particles},
  author    = {Vicsek, Tam{\'a}s and Czir{\'o}k, Andr{\'a}s and Ben-Jacob, Eshel and Cohen, Inon and Shochet, Ofer},
  journal   = {Physical review letters},
  volume    = {75},
  number    = {6},
  pages     = {1226},
  year      = {1995},
  publisher = {APS}
}
@article{farrell2012pattern,
  title     = {Pattern formation in self-propelled particles with density-dependent motility},
  author    = {Farrell, FDC and Marchetti, MC and Marenduzzo, D and Tailleur, J},
  journal   = {Physical review letters},
  volume    = {108},
  number    = {24},
  pages     = {248101},
  year      = {2012},
  publisher = {APS}
}
@article{nagai2015collective,
  title     = {Collective motion of self-propelled particles with memory},
  author    = {Nagai, Ken H and Sumino, Yutaka and Montagne, Raul and Aranson, Igor S and Chat{\'e}, Hugues},
  journal   = {Physical review letters},
  volume    = {114},
  number    = {16},
  pages     = {168001},
  year      = {2015},
  publisher = {APS}
}
@article{grossmann2014vortex,
  title     = {Vortex arrays and mesoscale turbulence of self-propelled particles},
  author    = {Gro{\ss}mann, Robert and Romanczuk, Pawel and B{\"a}r, Markus and Schimansky-Geier, Lutz},
  journal   = {Physical review letters},
  volume    = {113},
  number    = {25},
  pages     = {258104},
  year      = {2014},
  publisher = {APS}
}
@article{chepizhko2013optimal,
  title     = {Optimal noise maximizes collective motion in heterogeneous media},
  author    = {Chepizhko, Oleksandr and Altmann, Eduardo G and Peruani, Fernando},
  journal   = {Physical review letters},
  volume    = {110},
  number    = {23},
  pages     = {238101},
  year      = {2013},
  publisher = {APS}
}
@article{sumino2012large,
  title     = {Large-scale vortex lattice emerging from collectively moving microtubules},
  author    = {Sumino, Yutaka and Nagai, Ken H and Shitaka, Yuji and Tanaka, Dan and Yoshikawa, Kenichi and Chat{\'e}, Hugues and Oiwa, Kazuhiro},
  journal   = {Nature},
  volume    = {483},
  number    = {7390},
  pages     = {448--452},
  year      = {2012},
  publisher = {Nature Publishing Group UK London}
}
@article{yan2016reconfiguring,
  title     = {Reconfiguring active particles by electrostatic imbalance},
  author    = {Yan, Jing and Han, Ming and Zhang, Jie and Xu, Cong and Luijten, Erik and Granick, Steve},
  journal   = {Nature materials},
  volume    = {15},
  number    = {10},
  pages     = {1095--1099},
  year      = {2016},
  publisher = {Nature Publishing Group UK London}
}
@article{pantaleone1998stability,
  title={Stability of incoherence in an isotropic gas of oscillating neutrinos},
  author={Pantaleone, J},
  journal={Physical Review D},
  volume={58},
  number={7},
  pages={073002},
  year={1998},
  publisher={APS}
}
@article{wiesenfeld1996synchronization,
  title={Synchronization transitions in a disordered Josephson series array},
  author={Wiesenfeld, Kurt and Colet, Pere and Strogatz, Steven H},
  journal={Physical review letters},
  volume={76},
  number={3},
  pages={404},
  year={1996},
  publisher={APS}
}
@article{aihara2008mathematical,
  title={Mathematical modeling of frogs’ calling behavior and its possible application to artificial life and robotics},
  author={Aihara, Ikkyu and Kitahata, Hiroyuki and Yoshikawa, Kenichi and Aihara, Kazuyuki},
  journal={Artificial Life and Robotics},
  volume={12},
  pages={29--32},
  year={2008},
  publisher={Springer}
}
@article{o2016dynamics,
  title={Dynamics of a population of oscillatory and excitable elements},
  author={O'Keeffe, Kevin P and Strogatz, Steven H},
  journal={Physical Review E},
  volume={93},
  number={6},
  pages={062203},
  year={2016},
  publisher={APS}
}
@article{neda2000physics,
  title={Physics of the rhythmic applause},
  author={N{\'e}da, Zolt{\'a}n and Ravasz, Erzs{\'e}bet and Vicsek, Tam{\'a}s and Brechet, Yves and Barab{\'a}si, Albert-L{\'a}zl{\'o}},
  journal={Physical Review E},
  volume={61},
  number={6},
  pages={6987},
  year={2000},
  publisher={APS}
}
@article{majhi2019emergence,
  title={Emergence of synchronization in multiplex networks of mobile R{\"o}ssler oscillators},
  author={Majhi, Soumen and Ghosh, Dibakar and Kurths, J{\"u}rgen},
  journal={Physical Review E},
  volume={99},
  number={1},
  pages={012308},
  year={2019},
  publisher={APS}
}